% Encoding: UTF-8

%%%%%%%%%%%%%%%%%%%%%%%%%%%%%%%%%%%%%%%%%%%%%%%%%%%%%%%%%%%%%%%%%%%%%%%
%% 2023

% SV-COMP 2023 Report

@InProceedings{SVCOMP23,
  author    = {D.~Beyer},
  title     = {Competition on Software Verification and Witness Validation: {SV-COMP 2023}},
  booktitle = {Proc.\ TACAS~(2)},
  year      = {2023},
  publisher = {Springer},
  series    = {LNCS~},
  pages     = {},
  doi       = {},
}

% SV-COMP 2023 Validators

@InProceedings{SYMBIOTICWITCH-SVCOMP23,
  author    = {P.~Ayaziová and J.~Strejček},
  title     = {\textsc{Symbiotic-Witch 2}: {More} Efficient Algorithm and Witness Refutation (Competition Contribution)},
  booktitle = {Proc.\ TACAS~(2)},
  year      = {2023},
  publisher = {Springer},
  series    = {LNCS~},
  pages     = {},
  doi       = {},
}

% SV-COMP 2022 Verifiers

@InProceedings{2LS-SVCOMP23,
  author    = {V.~Malík and P.~Schrammel and T.~Vojnar and F.~Nečas},
  title     = {\textsc{2LS}: {Arrays} and Loop Unwinding (Competition Contribution)},
  booktitle = {Proc.\ TACAS~(2)},
  year      = {2023},
  publisher = {Springer},
  series    = {LNCS~},
  pages     = {},
  doi       = {},
}

@InProceedings{BUBAAK-SVCOMP23,
  author    = {M.~Chalupa and T.~Henzinger},
  title     = {\textsc{Bubaak}: {Runtime} Monitoring of Program Verifiers (Competition Contribution)},
  booktitle = {Proc.\ TACAS~(2)},
  year      = {2023},
  publisher = {Springer},
  series    = {LNCS~},
  pages     = {},
  doi       = {},
}

@InProceedings{EBF-SVCOMP23,
  author    = {F.~Aljaafari and F.~Shmarov and E.~Manino and R.~Menezes and L.~Cordeiro},
  title     = {\textsc{EBF 4.2}: {Black-Box} Cooperative Verification for Concurrent Programs (Competition Contribution)},
  booktitle = {Proc.\ TACAS~(2)},
  year      = {2023},
  publisher = {Springer},
  series    = {LNCS~},
  pages     = {},
  doi       = {},
}

@InProceedings{GOBLINT-SVCOMP23,
  author    = {S.~Saan and M.~Schwarz and J.~Erhard and M.~Pietsch and H.~Seidl and S.~Tilscher and V.~Vojdani},
  title     = {\textsc{Goblint}: {Autotuning} Thread-Modular Abstract Interpretation (Competition Contribution)},
  booktitle = {Proc.\ TACAS~(2)},
  year      = {2023},
  publisher = {Springer},
  series    = {LNCS~},
  pages     = {},
  doi       = {},
}

@InProceedings{JAVARANGER-SVCOMP23,
  author    = {S.~Hussein and Q.~Yan and S.~McCamant and V.~Sharma and M.~Whalen},
  title     = {\textsc{Java Ranger}: {Supporting} String and Array Operations (Competition Contribution)},
  booktitle = {Proc.\ TACAS~(2)},
  year      = {2023},
  publisher = {Springer},
  series    = {LNCS~},
  pages     = {},
  doi       = {},
}

@InProceedings{KORN-SVCOMP23,
  author    = {G.~Ernst},
  title     = {\textsc{Korn}: {Horn} clause based Verification of {C} programs (Competition Contribution)},
  booktitle = {Proc.\ TACAS~(2)},
  year      = {2023},
  publisher = {Springer},
  series    = {LNCS~},
  pages     = {},
  doi       = {},
}

@InProceedings{MOPSAC-SVCOMP23,
  author    = {R.~Monat and A.~Ouadjaout and A.~Miné},
  title     = {\textsc{Mopsa-C}: {Modular} Domains and Relational Abstract Interpretation for {C} Programs (Competition Contribution)},
  booktitle = {Proc.\ TACAS~(2)},
  year      = {2023},
  publisher = {Springer},
  series    = {LNCS~},
  pages     = {},
  doi       = {},
}

@InProceedings{PICHECKER-SVCOMP23,
  author    = {J.~Su and Z.~Yang and H.~Xing and J.~Yang and C.~Tian and Z.~Duan},
  title     = {\textsc{PIChecker}: {A} {POR} and Interpolation-Based Verifier for Concurrent Programs (Competition Contribution)},
  booktitle = {Proc.\ TACAS~(2)},
  year      = {2023},
  publisher = {Springer},
  series    = {LNCS~},
  pages     = {},
  doi       = {},
}

@InProceedings{UAUTOMIZER-SVCOMP23,
  author    = {M.~Heizmann and M.~Barth and D.~Dietsch and L.~Fichtner and J.~Hoenicke and D.~Klumpp and M.~Naouar and
               T.~Schindler and F.~Schüssele and A.~Podelski},
  title     = {\textsc{Ultimate Automizer} 2023 (Competition Contribution)},
  booktitle = {Proc.\ TACAS~(2)},
  year      = {2023},
  publisher = {Springer},
  series    = {LNCS~},
  pages     = {},
  doi       = {},
}

@InProceedings{UTAIPAN-SVCOMP23,
  author    = {D.~Dietsch and M.~Heizmann and D.~Klumpp and F.~Schüssele and A.~Podelski},
  title     = {\textsc{Ultimate Taipan} 2023 (Competition Contribution)},
  booktitle = {Proc.\ TACAS~(2)},
  year      = {2023},
  publisher = {Springer},
  series    = {LNCS~},
  pages     = {},
  doi       = {},
}

@InProceedings{VERIABSL-SVCOMP23,
  author    = {P.~Darke and B.~Chimdyalwar and S.~Agrawal and R.~Venkatesh and S.~Chakraborty and S.~Kumar},
  title     = {\textsc{VeriAbsL}: {Scalable} Verification by Abstraction and Strategy Prediction (Competition Contribution)},
  booktitle = {Proc.\ TACAS~(2)},
  year      = {2023},
  publisher = {Springer},
  series    = {LNCS~},
  pages     = {},
  doi       = {},
}

@InProceedings{VERIFUZZ-SVCOMP23,
  author    = {R.~Metta and P.~Yeduru and H.~Karmarkar and R.~K.~Medicherla},
  title     = {\textsc{VeriFuzz 1.4}: {Checking} for (Non-)Termination (Competition Contribution)},
  booktitle = {Proc.\ TACAS~(2)},
  year      = {2023},
  publisher = {Springer},
  series    = {LNCS~},
  pages     = {},
  doi       = {},
}


%%%%%%%%%%%%%%%%%%%%%%%%%%%%%%%%%%%%%%%%%%%%%%%%%%%%%%%%%%%%%%%%%%%%%%%
%% 2022

% SV-COMP 2022 Report

@InProceedings{SVCOMP22,
  author    = {D.~Beyer},
  title     = {Progress on Software Verification: {SV-COMP 2022}},
  booktitle = {Proc.\ TACAS~(2)},
  year      = {2022},
  publisher = {Springer},
  series    = {LNCS~13244},
  pages     = {375-402},
  doi       = {10.1007/978-3-030-99527-0_20},
}

% SV-COMP 2022 Validators

@InProceedings{DARTAGNAN-SVCOMP22,
  author    = {H.~Ponce-De-Leon and T.~Haas and R.~Meyer},
  title     = {\textsc{Dartagnan}: SMT-based Violation Witness Validation (Competition Contribution)},
  booktitle = {Proc.\ TACAS~(2)},
  year      = {2022},
  publisher = {Springer},
  series    = {LNCS~13244},
  pages     = {418-423},
  doi       = {10.1007/978-3-030-99527-0_24},
}

@InProceedings{GWIT-SVCOMP22,
  author    = {F.~Howar and M.~Mues},
  title     = {\textsc{GWit} (Competition Contribution)},
  booktitle = {Proc.\ TACAS~(2)},
  year      = {2022},
  publisher = {Springer},
  series    = {LNCS~13244},
  pages     = {446-450},
  doi       = {10.1007/978-3-030-99527-0_29},
}

@InProceedings{SYMBIOTIC-WITCH-SVCOMP22,
  author    = {P.~Ayaziová and M.~Chalupa and J.~Strejček},
  title     = {\textsc{Symbiotic-Witch}: {A} {Klee}-Based Violation Witness Checker (Competition Contribution)},
  booktitle = {Proc.\ TACAS~(2)},
  year      = {2022},
  publisher = {Springer},
  series    = {LNCS~13244},
  pages     = {468-473},
  doi       = {10.1007/978-3-030-99527-0_33},
}

@InProceedings{WIT4JAVA-SVCOMP22,
  author    = {T.~Wu and P.~Schrammel and L.~Cordeiro},
  title     = {\textsc{Wit4Java}: {A} violation-witness validator for {Java} Verifiers (Competition Contribution)},
  booktitle = {Proc.\ TACAS~(2)},
  year      = {2022},
  publisher = {Springer},
  series    = {LNCS~13244},
  pages     = {484-489},
  doi       = {10.1007/978-3-030-99527-0_36},
}

% SV-COMP 2022 Verifiers

@InProceedings{APROVE-SVCOMP22,
  author    = {J.~Hensel and C.~Mensendiek and J.~Giesl},
  title     = {\textsc{AProVE}: {N}on-termination Witnesses for {C} Programs (Competition Contribution)},
  booktitle = {Proc.\ TACAS~(2)},
  year      = {2022},
  publisher = {Springer},
  series    = {LNCS~13244},
  pages     = {403-407},
  doi       = {10.1007/978-3-030-99527-0_21},
}

@InProceedings{BRICK-SVCOMP22,
  author    = {L.~Bu and Z.~Xie and L.~Lyu and Y.~Li and X.~Guo and J.~Zhao and X.~Li},
  title     = {\textsc{Brick}: {P}ath Enumeration-Based Bounded Reachability Checking of {C} Programs (Competition Contribution)},
  booktitle = {Proc.\ TACAS~(2)},
  year      = {2022},
  publisher = {Springer},
  series    = {LNCS~13244},
  pages     = {408-412},
  doi       = {10.1007/978-3-030-99527-0_22},
}

@InProceedings{CSEQ-SVCOMP22,
  author    = {A.~Coto and O.~Inverso and E.~Sales and E.~Tuosto},
  title     = {A Prototype for Data Race Detection in \textsc{CSeq 3} (Competition Contribution)},
  booktitle = {Proc.\ TACAS~(2)},
  year      = {2022},
  publisher = {Springer},
  series    = {LNCS~13244},
  pages     = {413-417},
  doi       = {10.1007/978-3-030-99527-0_23},
}

@InProceedings{DEAGLE-SVCOMP22,
  author    = {F.~He and Z.~Sun and H.~Fan},
  title     = {\textsc{Deagle}: {A}n {SMT}-based Verifier for Multi-threaded Programs (Competition Contribution)},
  booktitle = {Proc.\ TACAS~(2)},
  year      = {2022},
  publisher = {Springer},
  series    = {LNCS~13244},
  pages     = {424-428},
  doi       = {10.1007/978-3-030-99527-0_25},
}

@InProceedings{FRAMA-C-SV-SVCOMP22,
  author    = {D.~Beyer and M.~Spiessl},
  title     = {The Static Analyzer \textsc{Frama-C} in {SV-COMP} (Competition Contribution)},
  booktitle = {Proc.\ TACAS~(2)},
  year      = {2022},
  publisher = {Springer},
  series    = {LNCS~13244},
  pages     = {429-434},
  doi       = {10.1007/978-3-030-99527-0_26},
}

@InProceedings{GDART-SVCOMP22,
  author    = {M.~Mues and F.~Howar},
  title     = {\textsc{GDart} (Competition Contribution)},
  booktitle = {Proc.\ TACAS~(2)},
  year      = {2022},
  publisher = {Springer},
  series    = {LNCS~13244},
  pages     = {435-439},
  doi       = {10.1007/978-3-030-99527-0_27},
}

@InProceedings{GRAVES-SVCOMP22,
  author    = {W.~Leeson and M.~Dwyer},
  title     = {\textsc{Graves-CPA}: {A} Graph-Attention Verifier Selector (Competition Contribution)},
  booktitle = {Proc.\ TACAS~(2)},
  year      = {2022},
  publisher = {Springer},
  series    = {LNCS~13244},
  pages     = {440-445},
  doi       = {10.1007/978-3-030-99527-0_28},
}

@InProceedings{INFER-SVCOMP22,
  author    = {M.~Kettl and T.~Lemberger},
  title     = {The Static Analyzer \textsc{Infer} in {SV-COMP} (Competition Contribution)},
  booktitle = {Proc.\ TACAS~(2)},
  year      = {2022},
  publisher = {Springer},
  series    = {LNCS~13244},
  pages     = {451-456},
  doi       = {10.1007/978-3-030-99527-0_30},
}

@InProceedings{LART-SVCOMP22,
  author    = {H.~Lauko and P.~Ročkai},
  title     = {\textsc{Lart}: {C}ompiled Abstract Execution (Competition Contribution)},
  booktitle = {Proc.\ TACAS~(2)},
  year      = {2022},
  publisher = {Springer},
  series    = {LNCS~13244},
  pages     = {457-461},
  doi       = {10.1007/978-3-030-99527-0_31},
}

@InProceedings{SYMBIOTIC-SVCOMP22,
  author    = {M.~Chalupa and A.~Řechtáčková and V.~Mihalkovič and L.~Zaoral and J.~Strejček},
  title     = {\textsc{Symbiotic~9}: {S}tring Analysis and Backward Symbolic Execution with Loop Folding (Competition Contribution)},
  booktitle = {Proc.\ TACAS~(2)},
  year      = {2022},
  publisher = {Springer},
  series    = {LNCS~13244},
  pages     = {462-467},
  doi       = {10.1007/978-3-030-99527-0_32},
}

@InProceedings{THETA-SVCOMP22,
  author    = {Z.~Ádám and L.~Bajczi and M.~Dobos-Kovács and A.~Hajdu and V.~Molnár},
  title     = {\textsc{Theta}: {P}ortfolio of CEGAR-Based Analyses with Dynamic Algorithm Selection (Competition Contribution)},
  booktitle = {Proc.\ TACAS~(2)},
  year      = {2022},
  publisher = {Springer},
  series    = {LNCS~13244},
  pages     = {474-478},
  doi       = {10.1007/978-3-030-99527-0_34},
}

@InProceedings{UGEMCUTTER-SVCOMP22,
  author    = {D.~Klumpp and D.~Dietsch and M.~Heizmann and F.~Schüssele and M.~Ebbinghaus and A.~Farzan and A.~Podelski},
  title     = {\textsc{Ultimate GemCutter} and the Axes of Generalization (Competition Contribution)},
  booktitle = {Proc.\ TACAS~(2)},
  year      = {2022},
  publisher = {Springer},
  series    = {LNCS~13244},
  pages     = {479-483},
  doi       = {10.1007/978-3-030-99527-0_35},
}

@Misc{CRUX-SVCOMP22,
  author       = {R.~Scott and R.~Dockins and T.~Ravitch and A.~Tomb},
  title        = {\textsc{Crux}: Symbolic Execution Meets {SMT}-based Verification (Competition Contribution)},
  howpublished = {Zenodo},
  year         = {2022},
  month        = {February},
  doi          = {10.5281/zenodo.6147218},
}


%%%%%%%%%%%%%%%%%%%%%%%%%%%%%%%%%%%%%%%%%%%%%%%%%%%%%%%%%%%%%%%%%%%%%%%
%% 2021

@InProceedings{SVCOMP21,
  author    = {D.~Beyer},
  title     = {Software Verification: 10th Comparative Evaluation ({SV-COMP 2021})},
  booktitle = {Proc.\ TACAS~(2)},
  year      = {2021},
  series    = {LNCS~12652},
  pages     = {401-422},
  publisher = {Springer},
  doi       = {10.1007/978-3-030-72013-1_24},
}

% System Descriptions

@InProceedings{CPALOCKATOR-SVCOMP21,
  author    = {P.~Andrianov and V.~Mutilin and A.~Khoroshilov},
  title     = {\textsc{CPALockator}: {T}hread-Modular Approach with Projections (Competition Contribution)},
  booktitle = {Proc.\ TACAS~(2)},
  year      = {2021},
  series    = {LNCS~12652},
  publisher = {Springer},
  pages     = {423-427},
  doi       = {10.1007/978-3-030-72013-1_25},
}

@InProceedings{DARTAGNAN-SVCOMP21,
  author    = {H.~Ponce-De-Leon and T.~Haas and R.~Meyer},
  title     = {\textsc{Dartagnan}: {L}everaging Compiler Optimizations and the Price of Precision (Competition Contribution)},
  booktitle = {Proc.\ TACAS~(2)},
  year      = {2021},
  series    = {LNCS~12652},
  publisher = {Springer},
  pages     = {428-432},
  doi       = {10.1007/978-3-030-72013-1_26},
}

@InProceedings{GAZERTHETA-SVCOMP21,
  author    = {{\relax Zs}.~{\'A}dám and {\relax Gy}.~Sallai and {\'A}.~Hajdu},
  title     = {\textsc{Gazer-Theta}: {LLVM}-Based Verifier Portfolio with {BMC/CEGAR} (Competition Contribution)},
  booktitle = {Proc.\ TACAS~(2)},
  year      = {2021},
  series    = {LNCS~12652},
  publisher = {Springer},
  pages     = {433-437},
  doi       = {10.1007/978-3-030-72013-1_27},
}

@InProceedings{GOBLINT-SVCOMP21,
  author    = {S.~Saan and M.~Schwarz and K.~Apinis and J.~Erhard and H.~Seidl and R.~Vogler and V.~Vojdani},
  title     = {\textsc{Goblint}: {T}hread-Modular Abstract Interpretation Using Side-Effecting Constraints (Competition Contribution)},
  booktitle = {Proc.\ TACAS~(2)},
  year      = {2021},
  series    = {LNCS~12652},
  publisher = {Springer},
  pages     = {438-442},
  doi       = {10.1007/978-3-030-72013-1_28},
}

@InProceedings{JAYHORN-SVCOMP21,
  author    = {A.~Shamakhi and H.~Hojjat and P.~Rümmer},
  title     = {Towards String Support in \textsc{JayHorn} (Competition Contribution)},
  booktitle = {Proc.\ TACAS~(2)},
  year      = {2021},
  series    = {LNCS~12652},
  publisher = {Springer},
  pages     = {443-447},
  doi       = {10.1007/978-3-030-72013-1_29},
}

@InProceedings{JDART-SVCOMP21,
  author    = {M.~Mues and F.~Howar},
  title     = {\textsc{JDart}: {P}ortfolio Solving, Breadth-First Search and {SMT-Lib} Strings (Competition Contribution)},
  booktitle = {Proc.\ TACAS~(2)},
  year      = {2021},
  series    = {LNCS~12652},
  publisher = {Springer},
  pages     = {448-452},
  doi       = {10.1007/978-3-030-72013-1_30},
}

@InProceedings{SYMBIOTIC-SVCOMP21,
  author    = {M.~Chalupa and T.~Jašek and J.~Novák and A.~Řechtáčková and V.~Šoková and J.~Strejček},
  title     = {\textsc{Symbiotic 8}: {B}eyond Symbolic Execution (Competition Contribution)},
  booktitle = {Proc.\ TACAS~(2)},
  year      = {2021},
  series    = {LNCS~12652},
  publisher = {Springer},
  pages     = {453-457},
  doi       = {10.1007/978-3-030-72013-1_31},
}

@InProceedings{VERIABS-SVCOMP21,
  author    = {P.~Darke and S.~Agrawal and R.~Venkatesh},
  title     = {\textsc{VeriAbs}: {A} Tool for Scalable Verification by Abstraction (Competition Contribution)},
  booktitle = {Proc.\ TACAS~(2)},
  year      = {2021},
  series    = {LNCS~12652},
  publisher = {Springer},
  pages     = {458-462},
  doi       = {10.1007/978-3-030-72013-1_32},
}


%%%%%%%%%%%%%%%%%%%%%%%%%%%%%%%%%%%%%%%%%%%%%%%%%%%%%%%%%%%%%%%%%%%%%%%
%% 2020

@InProceedings{SVCOMP20,
  author    = {D.~Beyer},
  title     = {Advances in Automatic Software Verification: {SV-COMP 2020}},
  booktitle = {Proc.\ TACAS~(2)},
  year      = {2020},
  series    = {LNCS~12079},
  pages     = {347-367},
  publisher = {Springer},
  doi       = {10.1007/978-3-030-45237-7_21},
  url       = {https://www.sosy-lab.org/research/pub/2020-TACAS.Advances_in_Automatic_Software_Verification_SV-COMP_2020.pdf},
}

% System Descriptions

@InProceedings{2LS-SVCOMP20,
  author    = {V.~Malík and P.~Schrammel and T.~Vojnar},
  title     = {\textsc{2ls}: Heap Analysis and Memory Safety (Competition Contribution)},
  booktitle = {Proc.\ TACAS~(2)},
  year      = {2020},
  series    = {LNCS~12079},
  pages     = {368-372},
  publisher = {Springer},
  doi       = {10.1007/978-3-030-45237-7_22},
}

@InProceedings{COASTAL-SVCOMP20,
  author    = {W.~Visser and J.~Geldenhuys},
  title     = {\textsc{Coastal}: Combining Concolic and Fuzzing for {Java} (Competition Contribution)},
  booktitle = {Proc.\ TACAS~(2)},
  year      = {2020},
  series    = {LNCS~12079},
  pages     = {373-377},
  publisher = {Springer},
  doi       = {10.1007/978-3-030-45237-7_23},
}

@InProceedings{DARTAGNAN-SVCOMP20,
  author    = {H.~Ponce-de-Leon and F.~Furbach and K.~Heljanko and R.~Meyer},
  title     = {\textsc{Dartagnan}: Bounded Model Checking for Weak Memory Models (Competition Contribution)},
  booktitle = {Proc.\ TACAS~(2)},
  year      = {2020},
  series    = {LNCS~12079},
  pages     = {378-382},
  publisher = {Springer},
  doi       = {10.1007/978-3-030-45237-7_24},
}

@InProceedings{GACAL-SVCOMP20,
  author    = {B.~Quiring and P.~Manolios},
  title     = {\textsc{Gacal}: Conjecture-Based Verification (Competition Contribution)},
  booktitle = {Proc.\ TACAS~(2)},
  year      = {2020},
  series    = {LNCS~12079},
  pages     = {388-392},
  publisher = {Springer},
  doi       = {10.1007/978-3-030-45237-7_26},
}

@InProceedings{JAVARANGER-SVCOMP20,
  author    = {V.~Sharma and S.~Hussein and M.~W.~Whalen and S.~A.~McCamant and W.~Visser},
  title     = {\textsc{Java Ranger} at {SV-COMP 2020} (Competition Contribution)},
  booktitle = {Proc.\ TACAS~(2)},
  year      = {2020},
  series    = {LNCS~12079},
  pages     = {393-397},
  publisher = {Springer},
  doi       = {10.1007/978-3-030-45237-7_27},
}

@InProceedings{JDART-SVCOMP20,
  author    = {M.~Mues and F.~Howar},
  title     = {\textsc{JDart}: Dynamic Symbolic Execution for {Java} Bytecode (Competition Contribution)},
  booktitle = {Proc.\ TACAS~(2)},
  year      = {2020},
  series    = {LNCS~12079},
  pages     = {398-402},
  publisher = {Springer},
  doi       = {10.1007/978-3-030-45237-7_28},
}

@InProceedings{MAP2CHECK-SVCOMP20,
  author    = {H.~O.~Rocha and R.~Menezes and L.~Cordeiro and R.~Barreto},
  title     = {\textsc{Map2Check}: Using Symbolic Execution and Fuzzing (Competition Contribution)},
  booktitle = {Proc.\ TACAS~(2)},
  year      = {2020},
  series    = {LNCS~12079},
  pages     = {403-407},
  publisher = {Springer},
  doi       = {10.1007/978-3-030-45237-7_29},
}

@InProceedings{PREDATORHP-SVCOMP20,
  author    = {P.~Peringer and V.~Šoková and T.~Vojnar},
  title     = {\textsc{PredatorHP} Revamped (Not Only) for Interval-Sized Memory Regions and Memory Reallocation (Competition Contribution)},
  booktitle = {Proc.\ TACAS~(2)},
  year      = {2020},
  series    = {LNCS~12079},
  pages     = {408-412},
  publisher = {Springer},
  doi       = {10.1007/978-3-030-45237-7_30},
}

@InProceedings{SYMBIOTIC-SVCOMP20,
  author    = {M.~Chalupa and T.~Jašek and L.~Tomovič and M.~Hruška and V.~Šoková and P.~Ayaziová and J.~Strejček and T.~Vojnar},
  title     = {\textsc{Symbiotic 7}: Integration of \textsc{Predator} and More (Competition Contribution)},
  booktitle = {Proc.\ TACAS~(2)},
  year      = {2020},
  series    = {LNCS~12079},
  pages     = {413-417},
  publisher = {Springer},
  doi       = {10.1007/978-3-030-45237-7_31},
}

@InProceedings{UTAIPAN-SVCOMP20,
  author    = {D.~Dietsch and M.~Heizmann and A.~Nutz and C.~Schätzle and F.~Schüssele},
  title     = {\textsc{Ultimate Taipan} with Symbolic Interpretation and Fluid Abstractions (Competition Contribution)},
  booktitle = {Proc.\ TACAS~(2)},
  year      = {2020},
  series    = {LNCS~12079},
  pages     = {418-422},
  publisher = {Springer},
  doi       = {10.1007/978-3-030-45237-7_32},
}

@InProceedings{VERIABS-SVCOMP20,
  author    = {M.~Afzal and S.~Chakraborty and A.~Chauhan and B.~Chimdyalwar and P.~Darke and A.~Gupta and S.~Kumar and Charles~B.~M. and D.~Unadkat and R.~Venkatesh},
  title     = {\textsc{VeriAbs}: Verification by Abstraction and Test Generation (Competition Contribution)},
  booktitle = {Proc.\ TACAS~(2)},
  year      = {2020},
  series    = {LNCS~12079},
  pages     = {383-387},
  publisher = {Springer},
  doi       = {10.1007/978-3-030-45237-7_25},
}


%%%%%%%%%%%%%%%%%%%%%%%%%%%%%%%%%%%%%%%%%%%%%%%%%%%%%%%%%%%%%%%%%%%%%%%
%% 2019

@InProceedings{SVCOMP19,
  author    = {D.~Beyer},
  title     = {Automatic Verification of {C} and {Java} Programs: {SV-COMP} 2019},
  booktitle = {Proc.\ TACAS~(3)},
  year      = {2019},
  series    = {LNCS~11429},
  pages     = {133-155},
  publisher = {Springer},
  doi       = {10.1007/978-3-030-17502-3_9},
  url       = {https://www.sosy-lab.org/research/pub/2019-TACAS.Automatic_Verification_of_C_and_Java_Programs_SV-COMP_2019.pdf},
}

% System Descriptions

@InProceedings{CBMCPATH-SVCOMP19,
  author    = {K.~Khazem and M.~Tautschnig},
  title     = {\textsc{Cbmc Path}: A Symbolic Execution Retrofit of the {C} Bounded Model Checker (Competition Contribution)},
  booktitle = {Proc.\ TACAS~(3)},
  year      = {2019},
  series    = {LNCS~11429},
  pages     = {199-203},
  publisher = {Springer},
  doi       = {10.1007/978-3-030-17502-3_13},
}

@InProceedings{PINAKA-SVCOMP19,
  author    = {E.~Chaudhary and S.~Joshi},
  title     = {\textsc{Pinaka}: Symbolic Execution meets Incremental Solving (Competition Contribution)},
  booktitle = {Proc.\ TACAS~(3)},
  year      = {2019},
  series    = {LNCS~11429},
  pages     = {234-238},
  publisher = {Springer},
  doi       = {10.1007/978-3-030-17502-3_20},
  isbnnote  = {978-3-030-17501-6},
}

@InProceedings{PESCO-SVCOMP19,
  author    = {C.~Richter and H.~Wehrheim},
  title     = {\textsc{PeSCo}: Predicting Sequential Combinations of Verifiers (Competition Contribution)},
  booktitle = {Proc.\ TACAS~(3)},
  year      = {2019},
  series    = {LNCS~11429},
  pages     = {229-233},
  publisher = {Springer},
  doi       = {10.1007/978-3-030-17502-3_19},
}

@InProceedings{SPF-SVCOMP19,
  author    = {Y.~Noller and C.~S.~Păsăreanu and X.-B.~D.~Le and W.~Visser and A.~Fromherz},
  title     = {Symbolic \textsc{Pathfinder} for {SV-COMP} (Competition Contribution)},
  booktitle = {Proc.\ TACAS~(3)},
  year      = {2019},
  series    = {LNCS~11429},
  pages     = {239-243},
  publisher = {Springer},
  doi       = {10.1007/978-3-030-17502-3_21},
  isbnnote  = {978-3-030-17501-6},
}

@InProceedings{JPF-SVCOMP19,
  author    = {C.~Artho and W.~Visser},
  title     = {\textsc{Java Pathfinder} at {SV-COMP} 2019 (Competition Contribution)},
  booktitle = {Proc.\ TACAS~(3)},
  year      = {2019},
  series    = {LNCS~11429},
  pages     = {224-228},
  publisher = {Springer},
  doi       = {10.1007/978-3-030-17502-3_18},
}

@InProceedings{ESBMCKIND-SVCOMP19,
  author    = {M.~Y.~R.~Gadelha and F.~R.~Monteiro and L.~C.~Cordeiro and D.~A.~Nicole},
  title     = {\textsc{Esbmc} v6.0: Verifying {C} Programs using \textit{k}-Induction and Invariant Inference (Competition Contribution)},
  booktitle = {Proc.\ TACAS~(3)},
  year      = {2019},
  series    = {LNCS~11429},
  pages     = {209-213},
  publisher = {Springer},
  doi       = {10.1007/978-3-030-17502-3_15},
}

@InProceedings{JBMC-SVCOMP19,
  author    = {L.~C.~Cordeiro and D.~Kröning and P.~Schrammel},
  title     = {\textsc{Jbmc}: Bounded Model Checking for {Java} Bytecode (Competition Contribution)},
  booktitle = {Proc.\ TACAS~(3)},
  year      = {2019},
  series    = {LNCS~11429},
  pages     = {219-223},
  publisher = {Springer},
  doi       = {10.1007/978-3-030-17502-3_17},
  isbnnote  = {978-3-030-17501-6},
}

@InProceedings{VERIFUZZ-SVCOMP19,
  author    = {A.~B.~Chowdhury and R.~K.~Medicherla and R.~Venkatesh},
  title     = {\textsc{VeriFuzz}: Program-Aware Fuzzing (Competition Contribution)},
  booktitle = {Proc.\ TACAS~(3)},
  year      = {2019},
  series    = {LNCS~11429},
  pages     = {244-249},
  publisher = {Springer},
  doi       = {10.1007/978-3-030-17502-3_22},
}

@InProceedings{JAYHORN-SVCOMP19,
  author    = {T.~Kahsai and P.~Rümmer and M.~Schäf},
  title     = {\textsc{JayHorn}: A {Java} Model Checker (Competition Contribution)},
  booktitle = {Proc.\ TACAS~(3)},
  year      = {2019},
  series    = {LNCS~11429},
  pages     = {214-218},
  publisher = {Springer},
  doi       = {10.1007/978-3-030-17502-3_16},
  isbnnote  = {978-3-030-17501-6},
}

@InProceedings{VIAP-SVCOMP19,
  author    = {P.~Rajkhowa and F.~Lin},
  title     = {\textsc{Viap} 1.1 (Competition Contribution)},
  booktitle = {Proc.\ TACAS~(3)},
  year      = {2019},
  series    = {LNCS~11429},
  pages     = {250-255},
  publisher = {Springer},
  doi       = {10.1007/978-3-030-17502-3_23},
}

@InProceedings{DIVINESMT-SVCOMP19,
  author    = {H.~Lauko and V.~Štill and P.~Ročkai and J.~Barnat},
  title     = {Extending \textsc{Divine} with Symbolic Verification using {SMT} (Competition Contribution)},
  booktitle = {Proc.\ TACAS~(3)},
  year      = {2019},
  series    = {LNCS~11429},
  pages     = {204-208},
  publisher = {Springer},
  doi       = {10.1007/978-3-030-17502-3_14},
}


%%%%%%%%%%%%%%%%%%%%%%%%%%%%%%%%%%%%%%%%%%%%%%%%%%%%%%%%%%%%%%%%%%%%%%%
%% 2018

% System Descriptions

@InProceedings{SYMBIOTIC5-SVCOMP18,
  author    = {M.~Chalupa and M.~Vitovsk{\'{a}} and J.~Strejček},
  title     = {\textsc{Symbiotic} 5: Boosted Instrumentation (Competition Contribution)},
  booktitle = {Proc.\ TACAS},
  year      = {2018},
  series    = {LNCS~10806},
  pages     = {442-446},
  publisher = {Springer},
  doi       = {10.1007/978-3-319-89963-3_29},
}

@InProceedings{UAUTOMIZER-COMP18,
  author    = {M.~Heizmann and Y.-F.~Chen and D.~Dietsch and M.~Greitschus and J.~Hoenicke and Y.~Li and A.~Nutz and B.~Musa and C.~Schilling and T.~Schindler and A.~Podelski},
  title     = {\textsc{Ultimate Automizer} and the Search for Perfect Interpolants (Competition Contribution)},
  booktitle = {Proc.\ TACAS~(2)},
  year      = {2018},
  series    = {LNCS~10806},
  pages     = {447-451},
  publisher = {Springer},
  doi       = {10.1007/978-3-319-89963-3_30},
}

@InProceedings{YOGARCBMC-SVCOMP18,
  author    = {L.~Yin and W.~Dong and W.~Liu and Y.~Li and J.~Wang},
  title     = {\textsc{Yogar-Cbmc:} \textsc{Cbmc} with Scheduling Constraint Based Abstraction Refinement (Competition Contribution)},
  booktitle = {Proc.\ TACAS},
  year      = {2018},
  series    = {LNCS~10806},
  pages     = {422--426},
  publisher = {Springer},
  doi       = {10.1007/978-3-319-89963-3_25},
  isbnnote  = {978-3-319-89962-6},
}

@InProceedings{VERIABS-SVCOMP18,
  author    = {P.~Darke and S.~Prabhu and B.~Chimdyalwar and A.~Chauhan and S.~Kumar and A.~Basak Chowdhury and R.~Venkatesh and
               A.~Datar and M.~R.~Kumar},
  title     = {\textsc{VeriAbs}: Verification by Abstraction and Test Generation (Competition Contribution)},
  booktitle = {Proc.\ TACAS},
  year      = {2018},
  series    = {LNCS~10806},
  pages     = {457--462},
  publisher = {Springer},
  doi       = {10.1007/978-3-319-89963-3_32},
  isbnnote  = {978-3-319-89962-6},
}


%%%%%%%%%%%%%%%%%%%%%%%%%%%%%%%%%%%%%%%%%%%%%%%%%%%%%%%%%%%%%%%%%%%%%%%
%% 2017

@InProceedings{SVCOMP17,
  author    = {D.~Beyer},
  title     = {Software Verification with Validation of Results ({R}eport on {SV-COMP} 2017)},
  booktitle = {Proc.\ TACAS},
  year      = {2017},
  series    = {LNCS~10206},
  pages     = {331-349},
  publisher = {Springer},
  doi       = {10.1007/978-3-662-54580-5_20},
  url       = {https://www.sosy-lab.org/~dbeyer/Publications/2017-TACAS.Software_Verification_with_Validation_of_Results.pdf},
}

% System Descriptions

@InProceedings{CPABAM-SVCOMP17,
  author    = {P.~Andrianov and K.~Friedberger and M.~U.~Mandrykin and V.~S.~Mutilin and A.~Volkov},
  title     = {\textsc{CPA-BAM-BnB}: {Block}-Abstraction Memoization and Region-Based Memory Models for Predicate Abstractions (Competition Contribution)},
  booktitle = {Proc.\ TACAS},
  year      = {2017},
  series    = {LNCS~10206},
  pages     = {355-359},
  publisher = {Springer},
  doi       = {10.1007/978-3-662-54580-5_22},
}

@InProceedings{SKINK-SVCOMP17,
  author    = {F.~Cassez and A.~M.~Sloane and M.~Roberts and M.~Pigram and P.~Suvanpong and P.~Gonz{\'{a}}lez de Aledo Marug{\'{a}}n},
  title     = {\textsc{Skink}: {Static} Analysis of Programs in {LLVM} Intermediate Representation (Competition Contribution)},
  booktitle = {Proc.\ TACAS},
  year      = {2017},
  series    = {LNCS~10206},
  pages     = {380-384},
  publisher = {Springer},
  doi       = {10.1007/978-3-662-54580-5_27},
}

@InProceedings{SYMBIOTIC-SVCOMP17,
  author    = {M.~Chalupa and M.~Vitovsk{\'{a}} and M.~Jon{\'{a}}{\v{s}} and J.~Slaby and J.~Strejček},
  title     = {\textsc{Symbiotic} 4: {Beyond} Reachability (Competition Contribution)},
  booktitle = {Proc.\ TACAS},
  year      = {2017},
  series    = {LNCS~10206},
  pages     = {385-389},
  publisher = {Springer},
  doi       = {10.1007/978-3-662-54580-5_28},
}

@InProceedings{VERIABS-SVCOMP17,
  author    = {B.~Chimdyalwar and P.~Darke and A.~Chauhan and P.~Shah and S.~Kumar and R.~Venkatesh},
  title     = {\textsc{VeriAbs}: {Verification} by Abstraction (Competition Contribution)},
  booktitle = {Proc.\ TACAS},
  year      = {2017},
  series    = {LNCS~10206},
  pages     = {404-408},
  publisher = {Springer},
  doi       = {10.1007/978-3-662-54580-5_32},
}

@InProceedings{UTAIPAN-SVCOMP17,
  author    = {M.~Greitschus and D.~Dietsch and M.~Heizmann and A.~Nutz and C.~Sch{\"{a}}tzle and C.~Schilling and F.~Sch{\"{u}}ssele and A.~Podelski},
  title     = {\textsc{Ultimate Taipan}: {Trace} Abstraction and Abstract Interpretation (Competition Contribution)},
  booktitle = {Proc.\ TACAS},
  year      = {2017},
  series    = {LNCS~10206},
  pages     = {399-403},
  publisher = {Springer},
  doi       = {10.1007/978-3-662-54580-5_31},
}

@InProceedings{UAUTOMIZER-SVCOMP17,
  author    = {M.~Heizmann and Y.-W.~Chen and D.~Dietsch and M.~Greitschus and A.~Nutz and B.~Musa and C.~Sch{\"{a}}tzle and C.~Schilling and F.~Sch{\"{u}}ssele and A.~Podelski},
  title     = {\textsc{Ultimate Automizer} with an On-Demand Construction of {Floyd}-{Hoare} Automata (Competition Contribution)},
  booktitle = {Proc.\ TACAS},
  year      = {2017},
  series    = {LNCS~10206},
  pages     = {394-398},
  publisher = {Springer},
  doi       = {10.1007/978-3-662-54580-5_30},
}

@InProceedings{APROVE-SVCOMP17,
  author    = {J.~Hensel and F.~Emrich and F.~Frohn and T.~Ströder and J.~Giesl},
  title     = {\textsc{AProVE}: {Proving} and Disproving Termination of Memory-Manipulating {C} Programs (Competition Contribution)},
  booktitle = {Proc.\ TACAS},
  year      = {2017},
  series    = {LNCS~10206},
  pages     = {350-354},
  publisher = {Springer},
  doi       = {10.1007/978-3-662-54580-5_21},
}

@InProceedings{FORESTER-SVCOMP17,
  author    = {L.~Hol{\'{\i}}k and M.~Hruška and O.~Leng{\'{a}}l and A.~Rogalewicz and J.~Sim{\'{a}}cek and T.~Vojnar},
  title     = {\textsc{Forester}: {From} Heap Shapes to Automata Predicates (Competition Contribution)},
  booktitle = {Proc.\ TACAS},
  year      = {2017},
  series    = {LNCS~10206},
  pages     = {365-369},
  publisher = {Springer},
  doi       = {10.1007/978-3-662-54580-5_24},
}

@InProceedings{HIPTNT-SVCOMP17,
  author    = {T.~Chanh Le and Q.-T.~Ta and W.-N.~Chin},
  title     = {\textsc{HipTNT+}: {A} Termination and Non-termination Analyzer by Second-Order Abduction (Competition Contribution)},
  booktitle = {Proc.\ TACAS},
  year      = {2017},
  series    = {LNCS~10206},
  pages     = {370-374},
  publisher = {Springer},
  doi       = {10.1007/978-3-662-54580-5_25},
}

@InProceedings{SYMDIVINE-SVCOMP17,
  author    = {J.~Mr{\'{a}}zek and M.~Jon{\'{a}}{\v{s}} and V.~Still and H.~Lauko and J.~Barnat},
  title     = {Optimizing and Caching {SMT} Queries in \textsc{SymDivine} (Competition Contribution)},
  booktitle = {Proc.\ TACAS},
  year      = {2017},
  series    = {LNCS~10206},
  pages     = {390-393},
  publisher = {Springer},
  doi       = {10.1007/978-3-662-54580-5_29},
}

@InProceedings{LAZYCSEQ-SVCOMP17,
  author    = {T.~L.~Nguyen and O.~Inverso and B.~Fischer and S.~La~Torre and G.~Parlato},
  title     = {\textsc{Lazy-CSeq} 2.0: {Combining} Lazy Sequentialization with Abstract Interpretation (Competition Contribution)},
  booktitle = {Proc.\ TACAS},
  year      = {2017},
  series    = {LNCS~10206},
  pages     = {375-379},
  publisher = {Springer},
  doi       = {10.1007/978-3-662-54580-5_26},
}

@InProceedings{DEPTHK-SVCOMP17,
  author    = {W.~Rocha and H.~O.~Rocha and H.~Ismail and L~C.~Cordeiro and B.~Fischer},
  title     = {\textsc{DepthK}: {A} \textit{k}-Induction Verifier Based on Invariant Inference for {C} Programs (Competition Contribution)},
  booktitle = {Proc.\ TACAS},
  year      = {2017},
  series    = {LNCS~10206},
  pages     = {360-364},
  publisher = {Springer},
  doi       = {10.1007/978-3-662-54580-5_23},
}


%%%%%%%%%%%%%%%%%%%%%%%%%%%%%%%%%%%%%%%%%%%%%%%%%%%%%%%%%%%%%%%%%%%%%%%
%% 2016

@InProceedings{SVCOMP16,
  author    = {D.~Beyer},
  title     = {Reliable and Reproducible Competition Results with \textsc{BenchExec} and Witnesses ({R}eport on {SV-COMP} 2016)},
  booktitle = {Proc.\ TACAS},
  year      = {2016},
  series    = {LNCS~9636},
  pages     = {887-904},
  publisher = {Springer},
  doi       = {10.1007/978-3-662-49674-9_55},
  isbnnote  = {978-3-662-49674-9},
  url       = {https://www.sosy-lab.org/research/pub/2016-TACAS.Reliable_and_Reproducible_Competition_Results_with_BenchExec_and_Witnesses.pdf},
}

% System Descriptions

@InProceedings{FORESTER-SVCOMP16,
  author    = {L.~Hol{\'{\i}}k and M.~Hruška and O.~Leng{\'{a}}l and A.~Rogalewicz and J.~Sim{\'{a}}cek and T.~Vojnar},
  title     = {Run \textsc{Forester}, Run Backwards! (Competition Contribution)},
  booktitle = {Proc.\ TACAS},
  year      = {2016},
  series    = {LNCS~9636},
  pages     = {923-926},
  publisher = {Springer},
  doi       = {10.1007/978-3-662-49674-9_61},
}

@InProceedings{PREDATOR-SVCOMP16,
  author    = {M.~Kotoun and P.~Peringer and V.~{\v{S}}okov{\'{a}} and T.~Vojnar},
  title     = {Optimized \textsc{PredatorHP} and the {SV-COMP} Heap and Memory Safety Benchmark (Competition Contribution)},
  booktitle = {Proc.\ TACAS},
  year      = {2016},
  series    = {LNCS~9636},
  pages     = {942-945},
  publisher = {Springer},
  doi       = {10.1007/978-3-662-49674-9_66},
}

@InProceedings{SYMBIOTIC-SVCOMP16,
  author    = {M.~Chalupa and M.~Jon{\'{a}}{\v{s}} and J.~Slaby and J.~Strejček and M.~Vitovsk{\'{a}}},
  title     = {\textsc{Symbiotic 3}: New Slicer and Error-Witness Generation (Competition Contribution)},
  booktitle = {Proc.\ TACAS},
  year      = {2016},
  series    = {LNCS~9636},
  pages     = {946-949},
  publisher = {Springer},
  doi       = {10.1007/978-3-662-49674-9_67},
}

@InProceedings{MAP2CHECK-SVCOMP16,
  author    = {H.~O.~Rocha and R.~Barreto and L.~C.~Cordeiro},
  title     = {Hunting Memory Bugs in {C} Programs with \textsc{Map2Check} (Competition Contribution)},
  booktitle = {Proc.\ TACAS},
  year      = {2016},
  series    = {LNCS~9636},
  pages     = {934-937},
  publisher = {Springer},
  doi       = {10.1007/978-3-662-49674-9_64},
}

@InProceedings{VVT-SVCOMP16,
  author    = {H.~Günther and A.~Laarman and G.~Weissenbacher},
  title     = {{Vienna Verification Tool}: {IC3} for Parallel Software (Competition Contribution)},
  booktitle = {Proc.\ TACAS},
  year      = {2016},
  series    = {LNCS~9636},
  pages     = {954-957},
  publisher = {Springer},
  doi       = {10.1007/978-3-662-49674-9_69},
}

@InProceedings{2LS-SVCOMP16,
  author    = {P.~Schrammel and D.~Kröning},
  title     = {\textsc{2ls} for Program Analysis (Competition Contribution)},
  booktitle = {Proc.\ TACAS},
  year      = {2016},
  series    = {LNCS~9636},
  pages     = {905-907},
  publisher = {Springer},
  doi       = {10.1007/978-3-662-49674-9_56},
}

@InProceedings{MUCSEQ-SVCOMP16,
  author    = {E.~Tomasco and T.~L.~Nguyen and O.~Inverso and B.~Fischer and S.~La~Torre and G.~Parlato},
  title     = {\textsc{MU-CSeq} 0.4: Individual Memory Location Unwindings (Competition Contribution)},
  booktitle = {Proc.\ TACAS},
  year      = {2016},
  series    = {LNCS~9636},
  pages     = {436-438},
  publisher = {Springer},
  doi       = {10.1007/978-3-662-49674-9_65},
}

@InProceedings{CPABAM-SVCOMP16,
  author    = {K.~Friedberger},
  title     = {\textsc{CPA-BAM}: Block-Abstraction Memoization with Value Analysis and Predicate Analysis (Competition Contribution)},
  booktitle = {Proc.\ TACAS},
  year      = {2016},
  series    = {LNCS~9636},
  pages     = {912-915},
  publisher = {Springer},
  doi       = {10.1007/978-3-662-49674-9_58},
}

@InProceedings{LPI-SVCOMP16,
  author    = {E.~G.~Karpenkov},
  title     = {\textsc{LPI}: Software Verification with Local Policy Iteration (Competition Contribution)},
  booktitle = {Proc.\ TACAS},
  year      = {2016},
  series    = {LNCS~9636},
  pages     = {930-933},
  publisher = {Springer},
  doi       = {10.1007/978-3-662-49674-9_63},
}

@InProceedings{CPAREFSEL-SVCOMP16,
  author    = {S.~L{\"{o}}we},
  title     = {\textsc{CPA-RefSel}: \textsc{CPAchecker} with Refinement Selection (Competition Contribution)},
  booktitle = {Proc.\ TACAS},
  year      = {2016},
  series    = {LNCS~9636},
  pages     = {916-919},
  publisher = {Springer},
  doi       = {10.1007/978-3-662-49674-9_59},
}

@InProceedings{DIVINE-SVCOMP16,
  author    = {V.~Still and P.~Rockai and J.~Barnat},
  title     = {\textsc{Divine}: Explicit-State {LTL} Model Checker (Competition Contribution)},
  booktitle = {Proc.\ TACAS},
  year      = {2016},
  series    = {LNCS~9636},
  pages     = {920-922},
  publisher = {Springer},
  doi       = {10.1007/978-3-662-49674-9_60},
}

@InProceedings{CIVL-SVCOMP16,
  author    = {M.~Zheng and J.~G.~Edenhofner and Z.~Luo and M.~J.~Gerrard and M.~B.~Dwyer and S.~F.~Siegel},
  title     = {\textsc{Civl}: Applying a General Concurrency Verification Framework to {C/Pthreads} Programs (Competition Contribution)},
  booktitle = {Proc.\ TACAS},
  year      = {2016},
  series    = {LNCS~9636},
  pages     = {908-911},
  publisher = {Springer},
  doi       = {10.1007/978-3-662-49674-9_57},
}

@InProceedings{LCTD-SVCOMP16,
  author    = {O.~Saarikivi and K.~Heljanko},
  title     = {\textsc{LCTD}: Tests-Guided Proofs for {C} Programs on {LLVM} (Competition Contribution)},
  booktitle = {Proc.\ TACAS},
  year      = {2016},
  series    = {LNCS~9636},
  pages     = {927-929},
  publisher = {Springer},
  doi       = {10.1007/978-3-662-49674-9_62},
}

@InProceedings{UAUTOMIZER-SVCOMP16,
  author    = {M.~Heizmann and D.~Dietsch and M.~Greitschus and J.~Leike and B.~Musa and C.~Sch{\"{a}}tzle and A.~Podelski},
  title     = {\textsc{Ultimate Automizer} with Two-track Proofs (Competition Contribution)},
  booktitle = {Proc.\ TACAS},
  year      = {2016},
  series    = {LNCS~9636},
  pages     = {950-953},
  publisher = {Springer},
  doi       = {10.1007/978-3-662-49674-9_68},
}


%%%%%%%%%%%%%%%%%%%%%%%%%%%%%%%%%%%%%%%%%%%%%%%%%%%%%%%%%%%%%%%%%%%%%%%
%% 2015

% Report

@InProceedings{SVCOMP15,
  author    = {D.~Beyer},
  title     = {Software Verification and Verifiable Witnesses ({R}eport on {SV-COMP} 2015)},
  booktitle = {Proc.\ TACAS},
  year      = {2015},
  series    = {LNCS~9035},
  pages     = {401-416},
  publisher = {Springer},
  doi       = {10.1007/978-3-662-46681-0_31},
  sha256    = {858448ee22256b3ed7f35603d81e942b58652f3b4d2660a22b858dc1c3ac16d0},
}

% System Descriptions

@InProceedings{FORESTER-SVCOMP15,
  author    = {L.~Hol{\'{\i}}k and M.~Hruška and O.~Leng{\'{a}}l and A.~Rogalewicz and J.~Sim{\'{a}}cek and T.~Vojnar},
  title     = {\textsc{Forester}: {S}hape Analysis Using Tree Automata},
  booktitle = {Proc.\ TACAS},
  year      = {2015},
  series    = {LNCS~9035},
  pages     = {432-435},
  publisher = {Springer},
  doi       = {10.1007/978-3-662-46681-0_37},
}

@InProceedings{APROVE-SVCOMP15,
  author    = {T.~Ströder and C.~Aschermann and F.~Frohn and J.~Hensel and J.~Giesl},
  title     = {\textsc{AProVE}: {T}ermination and Memory Safety of {C} Programs (Competition Contribution)},
  booktitle = {Proc.\ TACAS},
  year      = {2015},
  series    = {LNCS~9035},
  pages     = {417-419},
  publisher = {Springer},
  doi       = {10.1007/978-3-662-46681-0_32},
}

@InProceedings{PERENTIE-SVCOMP15,
  author    = {F.~Cassez and T.~Matsuoka and E.~Pierzchalski and N.~Smyth},
  title     = {\textsc{Perentie}: {M}odular Trace Refinement and Selective Value Tracking (Competition Contribution)},
  booktitle = {Proc.\ TACAS},
  year      = {2015},
  series    = {LNCS~9035},
  pages     = {439-442},
  publisher = {Springer},
  doi       = {10.1007/978-3-662-46681-0_39},
}

@InProceedings{FUNCTION-SVCOMP15,
  author    = {C.~Urban},
  title     = {\textsc{FuncTion}: {A}n Abstract Domain Functor for Termination (Competition Contribution)},
  booktitle = {Proc.\ TACAS},
  year      = {2015},
  series    = {LNCS~9035},
  pages     = {464-466},
  publisher = {Springer},
  doi       = {10.1007/978-3-662-46681-0_46},
}

@InProceedings{CPAREC-SVCOMP15,
  author    = {Y.-F.~Chen and C.~Hsieh and M.-H.~Tsai and B.-Y.~Wang and F.~Wang},
  title     = {\textsc{CPArec}: {V}erifying Recursive Programs via Source-to-Source Program Transformation (Competition Contribution)},
  booktitle = {Proc.\ TACAS},
  year      = {2015},
  series    = {LNCS~9035},
  pages     = {426-428},
  publisher = {Springer},
  doi       = {10.1007/978-3-662-46681-0_35},
}

@InProceedings{SMACKCORRAL-SVCOMP15,
  author    = {A.~Haran and M.~Carter and M.~Emmi and A.~Lal and S.~Qadeer and Z.~Rakamarić},
  title     = {\textsc{Smack+Corral}: {A} Modular Verifier (Competition Contribution)},
  booktitle = {Proc.\ TACAS},
  year      = {2015},
  series    = {LNCS~9035},
  pages     = {451-454},
  publisher = {Springer},
  doi       = {10.1007/978-3-662-46681-0_42},
}

@InProceedings{KOJAK-SVCOMP15,
  author    = {A.~Nutz and D.~Dietsch and M.~M.~Mohamed and A.~Podelski},
  title     = {\textsc{Ultimate Kojak} with Memory Safety Checks (Competition Contribution)},
  booktitle = {Proc.\ TACAS},
  year      = {2015},
  series    = {LNCS~9035},
  pages     = {458-460},
  publisher = {Springer},
  doi       = {10.1007/978-3-662-46681-0_44},
}

@InProceedings{PREDATOR-SVCOMP15,
  author    = {P.~M{\"{u}}ller and P.~Peringer and T.~Vojnar},
  title     = {\textsc{Predator} Hunting Party (Competition Contribution)},
  booktitle = {Proc.\ TACAS},
  year      = {2015},
  series    = {LNCS~9035},
  pages     = {443-446},
  publisher = {Springer},
  doi       = {10.1007/978-3-662-46681-0_40},
}

@InProceedings{FOREST-SVCOMP15,
  author    = {P.~Gonzalez-de-Aledo and P.~Sanchez},
  title     = {FramewORk for Embedded System verificaTion (Competition Contribution)},
  booktitle = {Proc.\ TACAS},
  year      = {2015},
  series    = {LNCS~9035},
  pages     = {429-431},
  publisher = {Springer},
  doi       = {10.1007/978-3-662-46681-0_36},
}

@InProceedings{CASCADE-SVCOMP15,
  author    = {W.~Wang and C.~Barrett},
  title     = {\textsc{Cascade} (Competition Contribution)},
  booktitle = {Proc.\ TACAS},
  year      = {2015},
  series    = {LNCS~9035},
  pages     = {420-422},
  publisher = {Springer},
  doi       = {10.1007/978-3-662-46681-0_33},
}

@InProceedings{MUCSEQ-SVCOMP15,
  author    = {E.~Tomasco and O.~Inverso and B.~Fischer and S.~La~Torre and G.~Parlato},
  title     = {\textsc{MU-CSeq 0.3}: {S}equentialization by Read-Implicit and Coarse-Grained Memory Unwindings (Competition Contribution)},
  booktitle = {Proc.\ TACAS},
  year      = {2015},
  series    = {LNCS~9035},
  pages     = {436-438},
  publisher = {Springer},
  doi       = {10.1007/978-3-662-46681-0_38},
}

@InProceedings{ULAZYCSEQ-SVCOMP15,
  author    = {T.~L.~Nguyen and B.~Fischer and S.~La~Torre and G.~Parlato},
  title     = {\textsc{Unbounded Lazy-CSeq}: {A} Lazy Sequentialization Tool for {C} Programs with Unbounded Context Switches (Competition Contribution)},
  booktitle = {Proc.\ TACAS},
  year      = {2015},
  series    = {LNCS~9035},
  pages     = {461-463},
  publisher = {Springer},
  doi       = {10.1007/978-3-662-46681-0_45},
}

@InProceedings{CPACHECKER-SVCOMP15,
  author    = {M.~Dangl and S.~L{\"{o}}we and P.~Wendler},
  title     = {\textsc{CPAchecker} with Support for Recursive Programs and Floating-Point Arithmetic (Competition Contribution)},
  booktitle = {Proc.\ TACAS},
  year      = {2015},
  series    = {LNCS~9035},
  pages     = {423-425},
  publisher = {Springer},
  doi       = {10.1007/978-3-662-46681-0_34},
}

@InProceedings{SEAHORN-SVCOMP15,
  author    = {A.~Gurfinkel and T.~Kahsai and J.~A.~Navas},
  title     = {\textsc{SeaHorn}: {A} Framework for Verifying {C} Programs (Competition Contribution)},
  booktitle = {Proc.\ TACAS},
  year      = {2015},
  series    = {LNCS~9035},
  pages     = {447-450},
  publisher = {Springer},
  doi       = {10.1007/978-3-662-46681-0_41},
}

@InProceedings{AUTOMIZER-SVCOMP15,
  author    = {M.~Heizmann and D.~Dietsch and J.~Leike and B.~Musa and A.~Podelski},
  title     = {\textsc{Ultimate Automizer} with Array Interpolation},
  booktitle = {Proc.\ TACAS},
  year      = {2015},
  series    = {LNCS~9035},
  pages     = {455-457},
  publisher = {Springer},
  doi       = {10.1007/978-3-662-46681-0_43},
}


%%%%%%%%%%%%%%%%%%%%%%%%%%%%%%%%%%%%%%%%%%%%%%%%%%%%%%%%%%%%%%%%%%%%%%%
%% 2014

@InProceedings{SVCOMP14,
  author    = {D.~Beyer},
  title     = {Status Report on Software Verification ({C}ompetition Summary {SV-COMP} 2014)},
  booktitle = {Proc.\ TACAS},
  year      = {2014},
  series    = {LNCS~8413},
  pages     = {373-388},
  publisher = {Springer},
  doi       = {10.1007/978-3-642-54862-8_25},
  url       = {https://www.sosy-lab.org/research/pub/2014-TACAS.Status_Report_on_Software_Verification.pdf},
}

% System Descriptions

@InProceedings{CPACHECKER-SVCOMP14,
  author    = {S.~L{\"{o}}we and M.~U.~Mandrykin and P.~Wendler},
  title     = {\textsc{CPAchecker} with Sequential Combination of Explicit-Value Analyses and Predicate Analyses (Competition Contribution)},
  booktitle = {Proc.\ TACAS},
  year      = {2014},
  series    = {LNCS~8413},
  pages     = {392-394},
  publisher = {Springer},
  doi       = {10.1007/978-3-642-54862-8_27},
}

@InProceedings{CBMC-SVCOMP14,
  author    = {D.~Kröning and M.~Tautschnig},
  title     = {\textsc{Cbmc}: {C} Bounded Model Checker (Competition Contribution)},
  booktitle = {Proc.\ TACAS},
  year      = {2014},
  series    = {LNCS~8413},
  pages     = {389-391},
  publisher = {Springer},
  doi       = {10.1007/978-3-642-54862-8_26},
  isbnnote  = {978-3-642-54861-1},
}

@InProceedings{CPALIEN-SVCOMP14,
  author    = {P.~Müller and T.~Vojnar},
  title     = {\textsc{CPAlien}: Shape Analyzer for \textsc{CPAchecker} (Competition Contribution)},
  booktitle = {Proc.\ TACAS},
  year      = {2014},
  series    = {LNCS~8413},
  pages     = {395-397},
  publisher = {Springer},
  doi       = {10.1007/978-3-642-54862-8_28},
}

@InProceedings{CSEQLAZY-SVCOMP14,
  author    = {O.~Inverso and E.~Tomasco and B.~Fischer and S.~{La~Torre} and G.~Parlato},
  title     = {\textsc{Lazy-CSeq}: A Lazy Sequentialization Tool for {C} (Competition Contribution)},
  booktitle = {Proc.\ TACAS},
  year      = {2014},
  series    = {LNCS~8413},
  pages     = {398-401},
  publisher = {Springer},
  doi       = {10.1007/978-3-642-54862-8_29},
  isbnnote  = {978-3-642-54861-1},
}

@InProceedings{CSEQMU-SVCOMP14,
  author    = {E.~Tomasco and O.~Inverso and B.~Fischer and S.~{La~Torre} and G.~Parlato},
  title     = {\textsc{MU-CSeq}: Sequentialization of {C} Programs by Shared Memory Unwindings (Competition Contribution)},
  booktitle = {Proc.\ TACAS},
  year      = {2014},
  series    = {LNCS~8413},
  pages     = {402-404},
  publisher = {Springer},
  doi       = {10.1007/978-3-642-54862-8_30},
}

@InProceedings{ESBMC-SVCOMP14,
  author    = {J.~Morse and M.~Ramalho and L.~C.~Cordeiro and D.~Nicole and B.~Fischer},
  title     = {\textsc{Esbmc} 1.22 (Competition Contribution)},
  booktitle = {Proc.\ TACAS},
  year      = {2014},
  series    = {LNCS~8413},
  pages     = {405-407},
  publisher = {Springer},
  doi       = {10.1007/978-3-642-54862-8_31},
}

@InProceedings{FBIT-SVCOMP14,
  author    = {A.~Gurfinkel and A.~Belov},
  title     = {\textsc{FrankenBit}: Bit-Precise Verification with Many Bits (Competition Contribution)},
  booktitle = {Proc.\ TACAS},
  year      = {2014},
  series    = {LNCS~8413},
  pages     = {408-411},
  publisher = {Springer},
  doi       = {10.1007/978-3-642-54862-8_32},
}

@InProceedings{PREDATOR-SVCOMP14,
  author    = {K.~Dudka and P.~Peringer and T.~Vojnar},
  title     = {\textsc{Predator}: A Shape Analyzer Based on Symbolic Memory Graphs (Competition Contribution)},
  booktitle = {Proc.\ TACAS},
  year      = {2014},
  series    = {LNCS~8413},
  pages     = {412-414},
  publisher = {Springer},
  doi       = {10.1007/978-3-642-54862-8_33},
}

@InProceedings{SYMBIOTIC-SVCOMP14,
  author    = {J.~Slaby and J.~Strejček},
  title     = {\textsc{Symbiotic} 2: More Precise Slicing (Competition Contribution)},
  booktitle = {Proc.\ TACAS},
  year      = {2014},
  series    = {LNCS~8413},
  pages     = {415-417},
  publisher = {Springer},
  doi       = {10.1007/978-3-642-54862-8_34},
}

@InProceedings{AUTOMIZER-SVCOMP14,
  author    = {M.~Heizmann and J.~Christ and D.~Dietsch and J.~Hoenicke and M.~Lindenmann and B.~Musa and C.~Schilling and S.~Wissert and A.~Podelski},
  title     = {\textsc{Ultimate Automizer} with Unsatisfiable Cores (Competition Contribution)},
  booktitle = {Proc.\ TACAS},
  year      = {2014},
  series    = {LNCS~8413},
  pages     = {418-420},
  publisher = {Springer},
  doi       = {10.1007/978-3-642-54862-8_35},
}

@InProceedings{KOJAK-SVCOMP14,
  author    = {E.~Ermis and A.~Nutz and D.~Dietsch and J.~Hoenicke and A.~Podelski},
  title     = {\textsc{Ultimate Kojak} (Competition Contribution)},
  booktitle = {Proc.\ TACAS},
  year      = {2014},
  series    = {LNCS~8413},
  pages     = {421-423},
  publisher = {Springer},
  doi       = {10.1007/978-3-642-54862-8_36},
}


%%%%%%%%%%%%%%%%%%%%%%%%%%%%%%%%%%%%%%%%%%%%%%%%%%%%%%%%%%%%%%%%%%%%%%%
%% 2013

@InProceedings{SVCOMP13,
  author    = {D.~Beyer},
  title     = {Second Competition on Software Verification ({S}ummary of {SV-COMP} 2013)},
  booktitle = {Proc.\ TACAS},
  year      = {2013},
  series    = {LNCS~7795},
  pages     = {594-609},
  publisher = {Springer},
  doi       = {10.1007/978-3-642-36742-7_43},
  url       = {https://www.sosy-lab.org/research/pub/2013-TACAS.Second_Competition_on_Software_Verification.pdf},
}

% System Descriptions

@InProceedings{CPACHECKEREXPLICIT-SVCOMP13,
  author    = {S.~L{\"{o}}we},
  title     = {\textsc{CPAchecker} with Explicit-Value Analysis Based on {CEGAR} and Interpolation (Competition Contribution)},
  booktitle = {Proc.\ TACAS},
  year      = {2013},
  series    = {LNCS~7795},
  pages     = {610-612},
  publisher = {Springer},
  doi       = {10.1007/978-3-642-36742-7_44},
}

@InProceedings{CPACHECKERSEQCOM-SVCOMP13,
  author    = {P.~Wendler},
  title     = {\textsc{CPAchecker} with Sequential Combination of Explicit-State Analysis and Predicate Analysis (Competition Contribution)},
  booktitle = {Proc.\ TACAS},
  year      = {2013},
  series    = {LNCS~7795},
  pages     = {613-615},
  publisher = {Springer},
  doi       = {10.1007/978-3-642-36742-7_45},
}

@InProceedings{PREDATOR-SVCOMP13,
  author    = {K.~Dudka and P.~Müller and P.~Peringer and T.~Vojnar},
  title     = {\textsc{Predator}: {A} Tool for Verification of Low-level List Manipulation (Competition Contribution)},
  booktitle = {Proc.\ TACAS},
  year      = {2013},
  series    = {LNCS~7795},
  pages     = {627-629},
  publisher = {Springer},
  doi       = {10.1007/978-3-642-36742-7_49},
}

@InProceedings{SYMBIOTIC-SVCOMP13,
  author    = {J.~Slaby and J.~Strejček and M.~Trtík},
  title     = {\textsc{Symbiotic}: {Synergy} of Instrumentation, Slicing, and Symbolic Execution (Competition Contribution)},
  booktitle = {Proc.\ TACAS},
  year      = {2013},
  series    = {LNCS~7795},
  pages     = {630-632},
  publisher = {Springer},
  doi       = {10.1007/978-3-642-36742-7_50},
}

@InProceedings{CSEQ-SVCOMP13,
  author    = {B.~Fischer and O.~Inverso and G.~Parlato},
  title     = {\textsc{CSeq}: {A} Sequentialization Tool for {C} (Competition Contribution)},
  booktitle = {Proc.\ TACAS},
  year      = {2013},
  series    = {LNCS~7795},
  pages     = {616-618},
  publisher = {Springer},
  doi       = {10.1007/978-3-642-36742-7_46},
}

@InProceedings{UFO-SVCOMP13,
  author    = {A.~Gurfinkel and A.~Albarghouthi and S.~Chaki and Y.~Li and M.~Chechik},
  title     = {\textsc{Ufo}: {Verification} with Interpolants and Abstract Interpretation (Competition Contribution)},
  booktitle = {Proc.\ TACAS},
  year      = {2013},
  series    = {LNCS~7795},
  pages     = {637-640},
  publisher = {Springer},
  doi       = {10.1007/978-3-642-36742-7_52},
}

@InProceedings{LLBMC-SVCOMP13,
  author    = {S.~Falke and F.~Merz and C.~Sinz},
  title     = {\textsc{Llbmc}: {Improved} Bounded Model Checking of {C} Programs Using {LLVM} (Competition Contribution)},
  booktitle = {Proc.\ TACAS},
  year      = {2013},
  series    = {LNCS~7795},
  pages     = {623-626},
  publisher = {Springer},
  doi       = {10.1007/978-3-642-36742-7_48},
}

@InProceedings{THREADER-SVCOMP13,
  author    = {C.~Popeea and A.~Rybalchenko},
  title     = {\textsc{Threader}: {A} Verifier for Multi-threaded Programs (Competition Contribution)},
  booktitle = {Proc.\ TACAS},
  year      = {2013},
  series    = {LNCS~7795},
  pages     = {633-636},
  publisher = {Springer},
  doi       = {10.1007/978-3-642-36742-7_51},
}

@InProceedings{ESBMC-SVCOMP13,
  author    = {J.~Morse and L.~C.~Cordeiro and D.~Nicole and B.~Fischer},
  title     = {Handling Unbounded Loops with \textsc{Esbmc} 1.20 (Competition Contribution)},
  booktitle = {Proc.\ TACAS},
  year      = {2013},
  series    = {LNCS~7795},
  pages     = {619-622},
  publisher = {Springer},
  doi       = {10.1007/978-3-642-36742-7_47},
}

@InProceedings{ULTIMATE-SVCOMP13,
  author    = {M.~Heizmann and J.~Christ and D.~Dietsch and E.~Ermis and J.~Hoenicke and M.~Lindenmann and A.~Nutz and C.~Schilling and A.~Podelski},
  title     = {\textsc{Ultimate Automizer} with {SMTInterpol} (Competition Contribution)},
  booktitle = {Proc.\ TACAS},
  year      = {2013},
  series    = {LNCS~7795},
  pages     = {641-643},
  publisher = {Springer},
  doi       = {10.1007/978-3-642-36742-7_53},
}


%%%%%%%%%%%%%%%%%%%%%%%%%%%%%%%%%%%%%%%%%%%%%%%%%%%%%%%%%%%%%%%%%%%%%%%
%% 2012

@InProceedings{SVCOMP12,
  author    = {D.~Beyer},
  title     = {Competition on Software Verification ({SV-COMP})},
  booktitle = {Proc.\ TACAS},
  year      = {2012},
  series    = {LNCS~7214},
  pages     = {504-524},
  publisher = {Springer},
  doi       = {10.1007/978-3-642-28756-5_38},
  url       = {https://www.sosy-lab.org/research/pub/2012-TACAS.Competition_on_Software_Verification.pdf},
}

% System Descriptions

@InProceedings{PREDATOR-SVCOMP12,
  author    = {K.~Dudka and P.~M{\"{u}}ller and P.~Peringer and T.~Vojnar},
  title     = {\textsc{Predator}: {A} Verification Tool for Programs with Dynamic Linked Data Structures (Competition Contribution)},
  booktitle = {Proc.\ TACAS},
  year      = {2012},
  series    = {LNCS~7214},
  pages     = {545-548},
  publisher = {Springer},
  doi       = {10.1007/978-3-642-28756-5_45},
}

@InProceedings{BLAST-SVCOMP12,
  author    = {P.~Shved and M.~U.~Mandrykin and V.~S.~Mutilin},
  title     = {Predicate Analysis with \textsc{Blast} 2.7 (Competition Contribution)},
  booktitle = {Proc.\ TACAS},
  year      = {2012},
  series    = {LNCS~7214},
  pages     = {525-527},
  publisher = {Springer},
  doi       = {10.1007/978-3-642-28756-5_39},
}

@InProceedings{CPACHECKERMEMO-SVCOMP12,
  author    = {D.~Wonisch},
  title     = {Block Abstraction Memoization for \textsc{CPAchecker} (Competition Contribution)},
  booktitle = {Proc.\ TACAS},
  year      = {2012},
  series    = {LNCS~7214},
  pages     = {531-533},
  publisher = {Springer},
  doi       = {10.1007/978-3-642-28756-5_41},
}

@InProceedings{ESBMC-SVCOMP12,
  author    = {L.~C.~Cordeiro and J.~Morse and D.~Nicole and B.~Fischer},
  title     = {Context-Bounded Model Checking with \textsc{Esbmc} 1.17 (Competition Contribution)},
  booktitle = {Proc.\ TACAS},
  year      = {2012},
  series    = {LNCS~7214},
  pages     = {534-537},
  publisher = {Springer},
  doi       = {10.1007/978-3-642-28756-5_42},
  isbnnote  = {978-3-642-28755-8},
}

@InProceedings{LLBMC-SVCOMP12,
  author    = {C.~Sinz and F.~Merz and S.~Falke},
  title     = {\textsc{Llbmc}: {A} Bounded Model Checker for \textsc{Llvm}’s Intermediate Representation (Competition Contribution)},
  booktitle = {Proc.\ TACAS},
  year      = {2012},
  series    = {LNCS~7214},
  pages     = {542-544},
  publisher = {Springer},
  doi       = {10.1007/978-3-642-28756-5_44},
}

@InProceedings{WOLVERINE-SVCOMP12,
  author    = {G.~Weissenbacher and D.~Kröning and S.~Malik},
  title     = {\textsc{Wolverine}: {B}attling Bugs with Interpolants (Competition Contribution)},
  booktitle = {Proc.\ TACAS},
  year      = {2012},
  series    = {LNCS~7214},
  pages     = {556-558},
  publisher = {Springer},
  doi       = {10.1007/978-3-642-28756-5_48},
}

@InProceedings{CPACHECKERABE-SVCOMP12,
  author    = {S.~Löwe and P.~Wendler},
  title     = {\textsc{CPAchecker} with Adjustable Predicate Analysis (Competition Contribution)},
  booktitle = {Proc.\ TACAS},
  year      = {2012},
  series    = {LNCS~7214},
  pages     = {528-530},
  publisher = {Springer},
  doi       = {10.1007/978-3-642-28756-5_40},
}

@InProceedings{SATABS-SVCOMP12,
  author    = {G.~Basler and A.~F.~Donaldson and A.~Kaiser and D.~Kröning and M.~Tautschnig and T.~Wahl},
  title     = {\textsc{SATabs}: {A} Bit-Precise Verifier for {C} Programs (Competition Contribution)},
  booktitle = {Proc.\ TACAS},
  year      = {2012},
  series    = {LNCS~7214},
  pages     = {552-555},
  publisher = {Springer},
  doi       = {10.1007/978-3-642-28756-5_47},
}

@InProceedings{FSHELL-SVCOMP12,
  author    = {A.~Holzer and D.~Kröning and C.~Schallhart and M.~Tautschnig and H.~Veith},
  title     = {Proving Reachability using \textsc{FShell} (Competition Contribution)},
  booktitle = {Proc.\ TACAS},
  year      = {2012},
  series    = {LNCS~7214},
  pages     = {538-541},
  publisher = {Springer},
  doi       = {10.1007/978-3-642-28756-5_43},
}

@InProceedings{HSFC-SVCOMP12,
  author    = {S.~Grebenshchikov and A.~Gupta and N.~P.~Lopes and C.~Popeea and A.~Rybalchenko},
  title     = {{\textsc{Hsf}(\textsc{c})}: {A} Software Verifier based on {H}orn Clauses (Competition Contribution)},
  booktitle = {Proc.\ TACAS},
  year      = {2012},
  series    = {LNCS~7214},
  pages     = {549-551},
  publisher = {Springer},
  doi       = {10.1007/978-3-642-28756-5_46},
}


