

% SV-COMP 2023

@Misc{SVCOMP23-WITNESSES-artifact,
  author       = {D.~Beyer},
  title        = {Verification Witnesses from Verification Tools ({SV-COMP~2023})},
  howpublished = {Zenodo},
  year         = {2023},
  doi          = {10.5281/zenodo.7627791},
}

@Misc{SVCOMP23-RESULTS-artifact,
  author       = {D.~Beyer},
  title        = {Results of the {12th Intl. Competition on Software Verification} ({SV-COMP 2023})},
  howpublished = {Zenodo},
  year         = {2023},
  doi          = {10.5281/zenodo.7627787},
}

@Misc{SVCOMP23-TOOLS-artifact,
  author       = {D.~Beyer},
  title        = {Verifiers and Validators of the {12th Intl. Competition on Software Verification} ({SV-COMP 2023})},
  howpublished = {Zenodo},
  year         = {2023},
  doi          = {10.5281/zenodo.7627829},
}

@Misc{SVCOMP23-SVBENCHMARKS-artifact,
  author       = {D.~Beyer},
  title        = {{SV-Benchmarks}: {B}enchmark Set for Software Verification and Testing ({SV-COMP 2023} and {Test-Comp 2023})},
  howpublished = {Zenodo},
  year         = {2023},
  doi          = {10.5281/zenodo.7627783},
}

@Misc{SVCOMP23-BENCHEXEC-artifact,
  author       = {P.~Wendler and D.~Beyer},
  title        = {sosy-lab/benchexec: {R}elease 3.16},
  howpublished = {Zenodo},
  year         = {2023},
  doi          = {10.5281/zenodo.7612021},
}


% SV-COMP 2022

@Misc{SVCOMP22-WITNESSES-artifact,
  author       = {D.~Beyer},
  title        = {Verification Witnesses from Verification Tools ({SV-COMP~2022})},
  howpublished = {Zenodo},
  year         = {2022},
  doi          = {10.5281/zenodo.5838498},
}

@Misc{SVCOMP22-RESULTS-artifact,
  author       = {D.~Beyer},
  title        = {Results of the {11th Intl. Competition on Software Verification} ({SV-COMP 2022})},
  howpublished = {Zenodo},
  year         = {2022},
  doi          = {10.5281/zenodo.5831008},
}

@Misc{SVCOMP22-TOOLS-artifact,
  author       = {D.~Beyer},
  title        = {Verifiers and Validators of the {11th Intl. Competition on Software Verification} ({SV-COMP 2022})},
  howpublished = {Zenodo},
  year         = {2022},
  doi          = {10.5281/zenodo.5959149},
}

@Misc{SVCOMP22-SVBENCHMARKS-artifact,
  author       = {D.~Beyer},
  title        = {{SV-Benchmarks}: {B}enchmark Set for Software Verification and Testing ({SV-COMP 2022} and {Test-Comp 2022})},
  howpublished = {Zenodo},
  year         = {2022},
  doi          = {10.5281/zenodo.5831003},
}

@Misc{SVCOMP22-BENCHEXEC-artifact,
  author       = {P.~Wendler and D.~Beyer},
  title        = {sosy-lab/benchexec: {R}elease 3.10},
  howpublished = {Zenodo},
  year         = {2022},
  doi          = {10.5281/zenodo.5720267},
}


% SV-COMP 2021

@Misc{SVCOMP21-WITNESSES-artifact,
  author       = {D.~Beyer},
  title        = {Verification Witnesses from {SV-COMP 2021} Verification Tools},
  howpublished = {Zenodo},
  year         = {2021},
  doi          = {10.5281/zenodo.4459196},
}

@Misc{SVCOMP21-RESULTS-artifact,
  author       = {D.~Beyer},
  title        = {Results of the {10th Intl. Competition on Software Verification} ({SV-COMP 2021})},
  howpublished = {Zenodo},
  year         = {2021},
  doi          = {10.5281/zenodo.4458215},
}

@Misc{SVCOMP21-SVBENCHMARKS-artifact,
  author       = {D.~Beyer},
  title        = {{SV-Benchmarks}: Benchmark Set of {10th Intl. Competition on Software Verification} {(SV-COMP 2021)}},
  howpublished = {Zenodo},
  year         = {2021},
  doi          = {10.5281/zenodo.4459126},
}

@Misc{SVCOMP21-BENCHEXEC-artifact,
  author       = {P.~Wendler and D.~Beyer},
  title        = {sosy-lab/benchexec: {R}elease 3.6},
  howpublished = {Zenodo},
  year         = {2021},
  doi          = {10.5281/zenodo.4317433},
}


% SV-COMP 2020

@Misc{SVCOMP20-WITNESSES-artifact,
  author       = {D.~Beyer},
  title        = {Verification Witnesses from {SV-COMP 2020} Verification Tools},
  howpublished = {Zenodo},
  year         = {2020},
  doi          = {10.5281/zenodo.3630188},
}

@Misc{SVCOMP20-RESULTS-artifact,
  author       = {D.~Beyer},
  title        = {Results of the {9th International Competition on Software Verification} ({SV-COMP 2020})},
  howpublished = {Zenodo},
  year         = {2020},
  doi          = {10.5281/zenodo.3630205},
}

@Misc{SVCOMP20-SVBENCHMARKS-artifact,
  author       = {D.~Beyer},
  title        = {{SV-Benchmarks}: Benchmark Set of {9th Intl. Competition on Software Verification} {(SV-COMP 2020)}},
  howpublished = {Zenodo},
  year         = {2020},
  doi          = {10.5281/zenodo.3633334},
}



