@misc{alexandru2019,
    author={Alexandru, Gregor},
    title={Specifying Loops with Contracts},
    year={2019},
    note={{Bachelor's Thesis, LMU Munich}}
}

@inproceedings{hojjat2018eldarica,
  title={The ELDARICA horn solver},
  author={Hojjat, Hossein and R{\"u}mmer, Philipp},
  booktitle={2018 Formal Methods in Computer Aided Design (FMCAD)},
  pages={1--7},
  year={2018},
  organization={IEEE}
}

@article{hoare1969axiomatic,
    title={An axiomatic basis for computer programming},
    author={Hoare, Charles Antony Richard},
    journal={Communications of the ACM},
    volume={12},
    number={10},
    pages={576--580},
    year={1969},
    publisher={ACM New York, NY, USA}
}

@inproceedings{huisman2000java,
    title={Java program verification via a Hoare logic with abrupt termination},
    author={Huisman, Marieke and Jacobs, Bart},
    booktitle={International Conference on Fundamental Approaches to Software Engineering},
    pages={284--303},
    year={2000},
    organization={Springer}
}

@article{tuerk2010local,
    title={Local reasoning about while-loops},
    author={Tuerk, Thomas},
    journal={VSTTE},
    volume={2010},
    pages={29},
    year={2010}
}

@article{jacobs2015solving,
    title={Solving the {VerifyThis} 2012 challenges with {VeriFast}},
    author={Jacobs, Bart and Smans, Jan and Piessens, Frank},
    journal={International Journal on Software Tools for Technology Transfer},
    volume={17},
    number={6},
    pages={659--676},
    year={2015},
    publisher={Springer}
}

@phdthesis{chargueraud2010characteristic,
    title={Characteristic formulae for mechanized program verification},
    author={Chargu{\'e}raud, Arthur},
    year={2010},
    school={PhD thesis, Universit{\'e} Paris-Diderot}
}

@article{mraihi2013invariant,
    title={Invariant assertions, invariant relations, and invariant functions},
    author={Mraihi, Olfa and Louhichi, Asma and Jilani, Lamia Labed and Desharnais, Jules and Mili, Ali},
    journal={Science of Computer Programming},
    volume={78},
    number={9},
    pages={1212--1239},
    year={2013},
    publisher={Elsevier}
}


@inproceedings{hehner2005specified,
    title={Specified blocks},
    author={Hehner, Eric CR},
    booktitle={Working Conference on Verified Software: Theories, Tools, and Experiments},
    pages={384--391},
    year={2005},
    organization={Springer}
}

@article{bohorquez2010elementary,
    title={An elementary and unified approach to program correctness},
    author={Boh{\'o}rquez, Jaime},
    journal={Formal aspects of computing},
    volume={22},
    pages={611--627},
    year={2010},
    publisher={Springer}
}

@article{ernst:sttt2015,
    author = {G. Ernst and J. Pf{\"a}hler and G. Schellhorn and D. Haneberg and W. Reif},
    title = {{KIV---Overview and VerifyThis competition}},
    journal = {Software Tools for Technology Transfer (STTT)},
    number = {6},
    pages = {677--694},
    publisher = {Springer},
    volume = {17},
    year = {2015},
}

@article{grebenshchikov2012synthesizing,
    title={Synthesizing software verifiers from proof rules},
    author={Grebenshchikov, Sergey and Lopes, Nuno P and Popeea, Corneliu and Rybalchenko, Andrey},
    journal={ACM SIGPLAN Notices},
    volume={47},
    number={6},
    pages={405--416},
    year={2012},
    publisher={ACM New York, NY, USA}
}

@incollection{bjorner2015horn,
    title={Horn clause solvers for program verification},
    author={Bj{\o}rner, Nikolaj and Gurfinkel, Arie and McMillan, Ken and Rybalchenko, Andrey},
    booktitle={Fields of Logic and Computation II},
    pages={24--51},
    year={2015},
    publisher={Springer}
}

@inproceedings{beyer2020advances,
    title={Advances in automatic software verification: SV-COMP 2020},
    author={Beyer, Dirk},
    booktitle={International Conference on Tools and Algorithms for the Construction and Analysis of Systems},
    pages={347--367},
    year={2020},
    organization={Springer}
}
